<record><leader>00000cas a2200000 a 4500</leader><controlfield tag="001">12034490</controlfield><controlfield tag="008">850514d18211821nyucr ne      0    0eng c</controlfield><datafield ind1=" " ind2=" " tag="010"><subfield code="a">sn 85026097 </subfield></datafield><datafield ind1=" " ind2=" " tag="040"><subfield code="a">NPX</subfield><subfield code="b">eng</subfield><subfield code="c">NPX</subfield><subfield code="d">DLC</subfield><subfield code="d">NYS</subfield><subfield code="d">OCL</subfield><subfield code="d">NYS</subfield><subfield code="d">OCLCQ</subfield><subfield code="d">DLC</subfield><subfield code="d">OCLCF</subfield><subfield code="d">OCLCO</subfield></datafield><datafield ind1="1" ind2=" " tag="029"><subfield code="a">AU@</subfield><subfield code="b">000020124187</subfield></datafield><datafield ind1=" " ind2=" " tag="042"><subfield code="a">pcc</subfield></datafield><datafield ind1=" " ind2=" " tag="043"><subfield code="a">n-us-ny</subfield></datafield><datafield ind1="0" ind2="4" tag="245"><subfield code="a">The New-York journal, and patron of industry.</subfield></datafield><datafield ind1=" " ind2=" " tag="260"><subfield code="a">New-York [N.Y.] :</subfield><subfield code="b">Alden Spooner,</subfield><subfield code="c">1821.</subfield></datafield><datafield ind1=" " ind2=" " tag="300"><subfield code="a">54 no.</subfield></datafield><datafield ind1=" " ind2=" " tag="310"><subfield code="a">Semiweekly</subfield></datafield><datafield ind1="1" ind2=" " tag="362"><subfield code="a">Vol. 1, no. 1 (July 3, 1821)-v. 1, no. 54 (Dec. 29, 1821).</subfield></datafield><datafield ind1=" " ind2=" " tag="500"><subfield code="a">Publishers: Spooner &amp; Prentiss, 1821.</subfield></datafield><datafield ind1=" " ind2=" " tag="580"><subfield code="a">Daily ed.: New-York evening journal, and patron of industry.</subfield></datafield><datafield ind1=" " ind2="0" tag="651"><subfield code="a">New York (N.Y.)</subfield><subfield code="v">Newspapers.</subfield></datafield><datafield ind1=" " ind2="0" tag="651"><subfield code="a">New York County (N.Y.)</subfield><subfield code="v">Newspapers.</subfield></datafield><datafield ind1=" " ind2="7" tag="655"><subfield code="a">Newspapers.</subfield><subfield code="2">fast</subfield><subfield code="0">(OCoLC)fst01423814</subfield></datafield><datafield ind1=" " ind2="7" tag="651"><subfield code="a">New York (State)</subfield><subfield code="z">New York.</subfield><subfield code="2">fast</subfield><subfield code="0">(OCoLC)fst01204333</subfield></datafield><datafield ind1=" " ind2="7" tag="651"><subfield code="a">New York (State)</subfield><subfield code="z">New York County.</subfield><subfield code="2">fast</subfield><subfield code="0">(OCoLC)fst01234953</subfield></datafield><datafield ind1=" " ind2=" " tag="752"><subfield code="a">United States</subfield><subfield code="b">New York</subfield><subfield code="c">New York</subfield><subfield code="d">New York.</subfield></datafield><datafield ind1="1" ind2=" " tag="775"><subfield code="t">New-York evening journal, and patron of industry</subfield><subfield code="w">(DLC)sn 83030350</subfield><subfield code="w">(OCoLC)9504075</subfield></datafield><datafield ind1="0" ind2="4" tag="780"><subfield code="t">Columbian, for the country (New York, N.Y. : 1818)</subfield><subfield code="w">(DLC)sn 85026096</subfield><subfield code="w">(OCoLC)12034190</subfield></datafield><datafield ind1="0" ind2="4" tag="780"><subfield code="t">Patron of industry</subfield><subfield code="w">(DLC)   06030018</subfield><subfield code="w">(OCoLC)9487380</subfield></datafield><datafield ind1="0" ind2="7" tag="785"><subfield code="t">New-York statesman (Albany, N.Y. : 1820)</subfield><subfield code="w">(DLC)sn 83030816</subfield><subfield code="w">(OCoLC)9676084</subfield></datafield><datafield ind1="0" ind2="7" tag="785"><subfield code="t">Statesman &amp; advertiser, for the country</subfield><subfield code="w">(DLC)sn 83030501</subfield><subfield code="w">(OCoLC)9553995</subfield></datafield></record>